2809 4759
244 744 520 823 scribere
572 752 855 850 eoeperit
878 798 895 831 ,
964 744 1070 821 sed
1121 748 1354 822 relictis
1417 770 1676 847 quoque
1750 747 2120 847 rejectisque
2184 750 2281 829 iis,

245 914 410 989 quae
475 916 511 962 a
575 887 758 965 sensu
825 892 1078 966 litterali
1162 890 1536 965 recederent
1561 941 1581 974 ,
1659 893 2281 992 interpretationibus

245 1031 666 1105 alexandrinis
703 1055 799 1105 ·et
865 1032 1296 1125 origenianis,
1373 1033 1710 1109 litteralem
1778 1035 1965 1108 illum
2030 1058 2280 1110 tantum

243 1177 574 1274 amplexus
641 1173 765 1257 fit,
853 1197 918 1246 et
1002 1177 1276 1273 proprio
1363 1197 1585 1246 contra
1649 1177 2016 1269 Origenem
2079 1202 2283 1277 opere

244 1319 774 1417 propugnaverit.
908 1319 1160 1390 Verum
1224 1339 1360 1389 non
1413 1312 1598 1387 sacris
1649 1312 1854 1388 solum
1906 1316 2129 1391 litteris
2179 1320 2284 1390 in-

245 1457 669 1557 terpretandis
693 1482 959 1562 operam
990 1455 1272 1539 navavit,
1324 1451 1429 1528 sed
1455 1458 1671 1540 etiam,
1695 1457 2026 1533 universae
2048 1485 2282 1534 eorum
2372 1502 2377 1509 ·

243 1623 619 1701 temporum
650 1600 1049 1691 theologicae
1100 1593 1464 1697 disciplinae
1511 1595 1938 1697 peritiffimus,
1986 1605 2283 1676 innume·

244 1768 356 1815 ros
444 1737 736 1815 adversus
817 1742 1021 1812 varias
1062 1788 1081 1821 ,
1166 1760 1330 1838 quae
1419 1742 1650 1838 [nimis
1725 1743 1824 1816 rei
1901 1743 2282 1821 christianae

244 1884 506 1960 saeculis
554 1879 874 1956 ecclesiam
928 1877 1262 1968 divisere,⁸
1299 1879 1489 1956 sectas
1533 1883 1734 1955 libros
1780 1882 1997 1964 edidit.
2104 1892 2286 1961 Inter

244 2032 364 2103 alia
436 2024 946 2098 incarnationem
1001 2025 1272 2095 Domini
1328 2046 1551 2119 contra
1619 2026 1856 2098 Arium
1922 2049 1983 2099 et
2058 2031 2288 2102 Euno-

246 2173 466 2244 mium
516 2166 896 2253 vindicavit-3
957 2163 1293 2269 Feriarum
1345 2166 1691 2258 Magiam„
1736 2187 1895 2263 quae
1944 2193 2070 2242 una
2108 2197 2285 2246 ‚cum

246 2315 508 2410 reliquis
591 2309 1015 2404 theurgorum
1106 2306 1538 2378 deliramentis
1568 2305 1772 2381 „baud
1835 2333 2072 2408 paucos
2122 2313 2287 2387 inter

246 2454 644 2531 Christianos
704 2473 767 2523 et
818 2448 1106 2522 Gentiles
1158 2448 1427 2523 habebat
1478 2445 1755 2534 affectas,
1807 2444 2140 2532 refutavit,
2182 2454 2288 2530 de-

250 2595 761 2689 monstravitque
823 2613 1062 2689 quanto
1126 2590 1547 2690 praestantior
1616 2592 1741 2663 illis
1804 2589 1876 2664 fit
1952 2592 2288 2670 christiana

248 2745 469 2844 pietas,
576 2710 933 2827 Religionis
983 2755 1187 2830 porro
1240 2729 1541 2827 dogmata
1591 2733 1662 2804 in
1712 2730 1936 2805 eadem
1962 2785 1985 2813 ,
2037 2761 2114 2808 ex
2164 2763 2291 2835 qua

248 2879 387 2983 ipse
441 2866 741 2971 'egressus
822 2896 989 2955 erat,
1060 2868 1279 2944 schola
1347 2874 1751 2947 Antiochena
1823 2900 1949 2951 ore
2015 2878 2293 2965 tradens,

252 3022 527 3104 meruit,
594 3020 705 3115 qui
757 3020 1124 3090 communis
1182 3016 1373 3087 totius
1425 3016 1687 3088 orientis
1737 3014 2053 3091 diceretur
2101 3046 2292 3124 prae-

253 3188 510 3266 ceptor:
587 3156 809 3233 habuit
854 3159 1029 3229 enitn
1084 3152 1461 3256 discipulos,
1535 3161 1644 3256 qui
1698 3161 1765 3230 in
1814 3159 2047 3257 primis
2097 3163 2291 3236 eccle-

248 3308 392 3384 {iae⁸
428 3301 752 3378 orientalis
801 3297 1213 3393 dignitatibus
1262 3273 1482 3399 postea
1533 3296 1894 3378 constituti,
1943 3278 2178 3399 pietate
2228 3324 2295 3381 et

255 3451 546 3528 doctrina
598 3412 794 3541 aeque
847 3443 1151 3514 claruere.
1257 3447 1437 3514 Inter
1488 3465 1651 3539 quos
1710 3439 2124 3525 Nestorium,
2182 3449 2296 3540 Jo-

255 3616 492 3667 annetn
549 3588 1066 3665 Antiochenum‚
1137 3605 1200 3658 et
1251 3581 1781 3665 Theodoretutn‚
1844 3585 2005 3681 Cyri
2056 3582 2297 3698 episco-

256 3760 445 3838 pum,
497 3723 850 3804 nominaffe
884 3720 970 3797 sat
991 3728 1127 3796 erit.
1233 3729 1384 3821 Qo
1418 3718 1660 3794 factum
1707 3720 1816 3805 est,
1868 3749 1936 3794 ut
1962 3720 2299 3799 seceffione

256 3871 705 3949 ecclesiarum,
774 3891 934 3967 quae
982 3866 1292 3938 Nestorio
1346 3858 1669 3946 faverent,
1741 3885 1800 3935 et
1872 3891 1919 3934 a
1971 3868 2295 3941 violentiis

257 4000 851 4109 Alexandrinorutn
903 4006 1284 4088 antistitum,
1362 4006 1442 4078 ad
1504 4001 1870 4107 supremam
1922 4008 1992 4080 in
2045 4006 2298 4117 ecclesia

1262 4152 1329 4232 Ε
1377 4169 1415 4245 5
2081 4172 2292 4229 aucto-
