2809 4759
243 723 496 794 tamum
545 722 728 801 atque
779 703 1169 801 experientia
1218 701 1501 783 edoctus.
1548 702 1730 776 nullo
1781 709 1925 774 rem
1976 673 2280 770 Christia‘-

238 869 394 918 narn
452 872 536 919 ex·
579 851 874 918 cruentis*
907 849 1110 928 Decii,
1165 847 1543 917 Diocletiani
1592 868 1655 916 et
1704 844 1939 915 Licinii
1989 837 2281 941 persecu-

238 986 524 1065 tionibus
576 986 960 1058 detrimento
1015 981 1362 1070 adfectam,
1426 1012 1657 1060 verum
1713 987 1927 1084 potius
1977 980 2280 1077 sangvine

236 1154 605 1227 martyrum
659 1136 899 1201 auctam
955 1123 1177 1212 fuiffe,
1231 1126 1383 1229 ssjpse
1448 1128 1527 1201 ab
1579 1130 1893 1203 atrocitate
1955 1147 2283 1225 praeterea·

238 1294 306 1343 et
355 1267 659 1363 sanguine
712 1292 910 1368 aeque
961 1269 1353 1354 abhorrens,
1400 1271 1576 1346 mitis
1628 1272 1895 1364 ingenio
1947 1291 2012 1341 et
2060 1263 2281 1366 super-

237 1412 530 1493 stitione,
595 1415 839 1513 quippe
889 1416 1002 1511 qui
1052 1411 1298 1509 Mystas
1359 1414 1798 1517 immaculatos
1858 1407 1980 1483 efl‘e
2045 1407 2282 1481 debere

235 1547 552 1661 profess'us
595 1550 700 1639 fit,
766 1549 1309 1649 {insolentioribus
1354 1555 1570 1626 'armis
1636 1551 1714 1625 ad
1773 1548 2282 1651 oppugnandam·

237 1694 781 1793 evertendamque
839 1692 1228 1788 religionen]
1299 1694 1705 1777 christianam
1775 1696 2082 1767 utebatur.
2196 1695 2276 1762 In

235 1839 468 1936 quibus
491 1835 661 1909 baud
706 1814 938 1908 ultimo
990 1837 1133 1909 loco
1187 1836 1570 1911 nominandi
1620 1834 1765 1909 sunt'
1817 1836 1991 1918 libri,
2043 1833 2278 1932 quibus

235 1979 517 2077 Judaeos
583 2001 646 2049 et
691 1975 1091 2050 Christianos
1139 1986 1535 2071 argumentis
1578 1977 1807 2050 invasit
1856 1977 2279 2073 convitiisque

234 2116 500 2201 derifi13
584 2115 907 2216 quosque,
960 2120 1283 2194 incertum
1330 2119 1576 2215 majore
1627 2118 1784 2195 odio
1866 2144 1946 2190 an
2013 2114 2274 2200 malitia,

228 2262 402 2335 inter
452 2257 812 2352 graviffima
862 2260 1128 2360 imperii
1148 2278 1158 2371 ζ
1180 2263 1474 2354 negotia,
1537 2261 1708 2335 bello
1776 2248 2070 2335 adversus
2118 2262 2276 2351 Per-

232 2398 327 2477 sas
374 2400 705 2496 flagrante,
755 2396 1142 2499 conscripsit,
1250 2407 1453 2476 Certo
1500 2400 1804 2502 quidem,
1854 2425 2002 2473 cum
2056 2395 2190 2498 ipse
2240 2424 2278 2472 a

228 2569 440 2645 puero
492 2541 646 2615 inde
696 2542 1098 2616 Christianus
1152 2538 1383 2625 fuerit,
1446 2528 1611 2615 inier
1661 2544 1925 2618 clericos
1968 2541 2276 2637 juventu-

229 2687 311 2758 tis
361 2684 534 2759 haud
582 2685 880 2780 exiguam
934 2708 1184 2784 partem
1222 2678 1626 2780 transegerit,
1677 2686 1834 2782 quin
1869 2679 2275 2757 ecclesiastico

227 2850 504 2903 munere
555 2826 882 2903 interdum
935 2820 1188 2903 functus
1240 2824 1416 2909 effer,
1492 2816 1896 2919 ignorantiae
1943 2826 2277 2919 religionis

226 2969 514 3065 ritusque
566 2968 911 3045 Christiani
963 2967 1142 3040 nullo
1195 2940 1396 3039 niodo
1448 2967 1765 3066 inculpari
1814 2989 2107 3065 poterat:
2161 2934 2274 3036 ne·

219 3105 485 3187 ceffario
538 3106 689 3179 inde
759 3108 970 3203 major
1042 3105 1536 3185 accusationibus
1587 3106 1765 3205 ej‘uS,
1818 3129 2111 3206 tanquam
2167 3130 2275 3180 re-

225 3273 379 3323 rum
448 3249 676 3348 periti,
752 3247 912 3321 fides
977 3247 1269 3324 habenda
1320 3274 1488 3332 erat,
1569 3249 1943 3348 majorquex
1978 3246 2275 3324 adversus

221 3391 626 3467 Christianos
649 3390 1013 3484 indignatio
1041 3393 1335 3471 oriunda.
1442 3396 1682 3488 Neque
1733 3366 2091 3485 gentilium'
2124 3393 2269 3491 phi-

226 3528 559 3632 losophis,
641 3532 968 3607 idolorum
1021 3536 1372 3625 religiones
1461 3557 1638 3606 novo
1703 3554 1910 3629 eoque
1980 3529 2273 3632 pbiloso-

222 3674 425 3774 phico
477 3676 696 3746 colore
757 3670 1018 3755 fucatas,
1068 3670 1414 3773 spoliisque
1465 3673 1872 3746 Christianae
1920 3690 2266 3753 exornatas,

221 3813 817 3918 propugnantibus,
869 3841 1019 3892 cum
1071 3808 1345 3891 obscuro
1396 3812 1750 3886 hominum
1800 3835 2024 3895 coetu,
2090 3813 2270 3885 nullo

218 3980 496 4060 praeter·
551 3959 864 4059 pietatem
947 3957 1183 4049 decore
1257 3949 1605 4056 conspicuo
1630 4004 1657 4037 .
1745 3954 1986 4052 ubique
2024 3949 2268 4033 'deluso

1215 4096 1274 4172 F
1325 4119 1365 4194 3
2089 4090 2270 4193 spre-
