2809 4759
532 555 846 641 „decenn
974 558 1045 629 Si
1104 581 1264 630 vero
1332 557 1476 653 quic
1536 554 1820 629 liberum
1886 533 2175 630 hominis
2226 554 2564 628 arbitrium

531 748 574 782 ‚‚
601 723 835 792 neget,
911 700 1018 770 vel
1068 700 1540 799 impotentem,
1615 699 1729 797 qui
1792 721 1930 769 non
1979 692 2296 796 perficere
2358 692 2568 797 potiit,

533 885 577 924 „
600 863 763 937 quae
824 840 1009 923 velit,
1076 841 1182 913 vel
1235 842 1649 932 ignorantem
1711 837 1920 911 statuit
1990 843 2231 910 Deum.
2368 838 2573 909 Nulla

534 1028 575 1063 „
601 982 781 1052 enim
805 981 1180 1054 hominibus
1229 980 1461 1079 absque
1513 981 1800 1055 libertate
1850 973 2138 1057 felicitas,
2181 977 2357 1086 nulla
2406 976 2569 1052 boni

477 1216 486 1224 ,
535 1168 578 1205 ,,
604 1123 912 1221 appetitio
939 1172 962 1202 ,
1039 1108 1212 1195 nulla
1282 1121 1418 1194 cicm
1493 1121 1648 1194 Deo
1708 1121 1994 1218 pretiqfiae
2066 1122 2525 1195 cummunicatio
2538 1143 2569 1204 ,-

533 1310 577 1347 „
602 1263 776 1334 nulla
819 1262 1101 1362 denique
1148 1223 1343 1363 ipsiu}
1393 1263 1552 1336 boni
1603 1264 2022 1361 internaeque
2070 1262 2232 1337 boni
2279 1263 2568 1362 pulchri·

535 1441 579 1487 ,·‚
602 1403 837 1477 tudinis
862 1405 1322 1496 intelligentia:
1379 1430 1541 1501 quae
1572 1407 1738 1479 enim
1768 1402 2014 1502 fruitio
2048 1405 2198 1479 boni
2243 1407 2419 1497 apud
2442 1428 2570 1487 cos,

535 1594 583 1628 „
608 1547 721 1640 qui
769 1545 1124 1641 ignorant?
1196 1571 1355 1643 quae
1405 1558 1612 1620 autem
1665 1547 1912 1653 glorie
1932 1545 2050 1628 his,
2105 1548 2218 1642 qui
2265 1570 2393 1617 non
2419 1543 2573 1640 stu-

535 1734 580 1769 „
605 1688 875 1762 ‹iuer-unt
923 1681 1080 1758 illud
1091 1685 1129 1759 ‚9
1184 1711 1343 1783 quae
1392 1699 1598 1760 autem
1647 1708 1880 1760 corona
1931 1688 2048 1768 Itis,
2103 1690 2217 1782 qui
2262 1710 2410 1788 non·
2441 1713 2598 1778 eam!

540 1875 584 1918 ,‚
606 1840 680 1899 ut
733 1831 1002 1899 victores
1052 1832 1119 1897 in
1167 1832 1494 1900 certamine
1543 1830 1901 1925 consequuti
1927 1830 2091 1922 fiant
2108 1825 2149 1899 ,9
2249 1827 2355 1901 Ad
2405 1829 2574 1902 hanc

537 1973 802 2062 „igitur
846 1994 1157 2042 coronam
1200 1967 1269 2041 in
1294 1974 1648 2045 certamine
1674 1967 2193 2070 consequendam
2225 1995 2578 2045 monemur

536 2158 581 2194 „
605 2109 683 2184 ab
736 2103 1085 2209 Apostolo,
1149 2135 1322 2184 tanto
1372 2110 1840 2211 pretiolioretn‚
1892 2134 2222 2210 tantoque*
2248 2113 2580 2187 amabilio-

537 2301 584 2337 „
609 2276 781 2331 rem,
832 2275 1073 2349 quanto
1098 2276 1219 2350 per
1270 2276 1549 2345 agonem
1602 2252 1792 2326 nobis
1840 2252 2158 2326 advenit.-
2223 2251 2375 2323 Pro
2397 2256 2583 2325 nobis

537 2439 580 2478 ‚2
605 2396 812 2492 igitur
852 2394 1004 2465 'haec
1050 2397 1255 2464 'omnia
1283 2394 1584 2490 fifiinuit
1636 2394 1998 2481 Dominum
2063 2397 2167 2465 uti
2197 2418 2327 2486 per
2379 2398 2580 2465 onmia

543 2586 585 2621 ‚,
606 2537 837 2648 eruditi
850 2585 868 2616 ,
918 2538 985 2606 in
1037 2538 1316 2608 omnibus
1366 2542 1434 2607 in
1465 2536 1775 2632 futurum
1803 2538 2007 2635 fimus
2054 2539 2256 2616 cauti,
2324 2549 2390 2609 et
2422 2561 2579 2629 per·
2680 2529 2696 2542 “

542 2676 950 2772 „fiveremns
1000 2680 1065 2748 in·
1117 2682 1281 2750 omni
1330 2682 1465 2781 ejus
1518 2681 1858 2757 dilectione,
1910 2680 2364 2750 rationabiliter
2387 2680 2583 2752 edocti

541 2866 582 2902 ,‚
607 2821 864 2916 diligere
912 2818 1148 2891 Deum.
1285 2823 1605 2894 Hominis
1656 2845 1817 2894 vero
1870 2815 2404 2920 imperfectiones
2454 2820 2578 2894 hu-

538 3006 581 3043 „
606 2957 830 3034 manae
905 2951 1163 3032 natnrae
1240 2959 1599 3035 infirmitati
1676 2961 2053 3036 tribuendae
2125 2933 2315 3040 sunt,
2417 2985 2582 3059 quae

537 3101 755 3186 „ideo
807 3126 843 3172 a
897 3106 1039 3177 Deo
1087 3098 1397 3201 sapienter
1453 3102 1784 3176 constituta
1834 3104 1960 3186 est,
2012 3128 2084 3177 ut
2132 3103 2359 3178 lenfim
2414 3128 2582 3176 cres-

541 3266 709 3327 „cat
763 3265 826 3315 et
887 3267 1230 3336 angeatur,
1309 3251 1496 3341 atqtte
1548 3269 1626 3316 ex
1677 3246 2006 3337 agnitione
2058 3247 2218 3321 boni
2272 3248 2580 3345 malique,

539 3413 640 3471 „a
693 3365 846 3458 Deo·
892 3408 1169 3484 accepta,
1221 3386 1429 3455 homo
1484 3381 1589 3456 fiat
1638 3382 1985 3460 secundum
2041 3391 2395 3481 imaginem
2426 3393 2581 3465 Dei.

542 3534 831 3626 „Itaque
900 3526 1148 3598 bonum
1219 3526 1615 3599 obedientiae
1685 3552 1749 3601 et
1799 3527 2040 3604 malum
2102 3530 2584 3604 inobedientiae

543 3721 584 3755 „
615 3672 1004 3769 experientia
1031 3672 1295 3764 agnovit
1322 3673 1565 3751 homo,
1619 3695 1682 3746 et
1706 3671 2037 3770 utriusque
2061 3667 2222 3743 facta
2247 3696 2582 3772 compara·

542 3864 588 3899 ‚,
613 3816 808 3898 tione,
862 3810 1111 3886 summa
1152 3838 1299 3892 cum
1344 3811 1631 3890 libertate
1681 3810 2022 3888 discrimen
2077 3814 2406 3893 instituere
2459 3841 2580 3915 po-

2373 4007 2417 4041 „
2436 3959 2583 4043 tuit,
