2809 4759
555 476 726 569 132

710 683 922 771 Διο
1013 680 1262 771 ουδε
1369 686 1820 799 εγςαψε
1922 683 2421 781 Ῐωαννης,

1117 834 1367 926 ουδε
1456 874 1665 955 yae
1748 837 2015 927 ειδε.

814 1027 1267 1123 Objectionem
1322 1031 1687 1127 antiquam,
1740 1026 1817 1101 ab
1870 1029 2274 1102 incunabulis
2312 1026 2458 1101 inde
2488 1047 2573 1095 re·

550 1172 807 1269 ligionis
866 1169 944 1241 ad
1015 1169 1231 1241 nostra
1290 1196 1491 1267 usque
1566 1195 1859 1271 tempora
1937 1174 2275 1269 repetitam
2355 1163 2573 1241 refuta·

549 1335 832 1409 tamque,
882 1336 1100 1382 contra
1150 1309 1347 1383 fidem
1410 1312 1596 1409 atqu'e
1636 1316 2027 1413 veracitaieni
2079 1313 2574 1405 evangeliorum,

551 1477 629 1524 ex
672 1450 1272 1524 contradictionibus
1332 1455 1398 1522 in
1456 1453 1530 1524 iis
1577 1456 1878 1552 repertis,
1955 1454 2250 1552 Juiianus
2303 1452 2447 1522 heic
2508 1470 2574 1517 ex

550 1597 802 1692 Joanne
852 1616 1070 1664 contra
1119 1598 1364 1666 Lucam
1418 1598 1744 1694 proponit.
1849 1600 2175 1691 Joannem
2222 1593 2424 1670 enim,
2473 1585 2573 1683 qui

552 1724 698 1808 licet
745 1759 870 1806 una
921 1728 1243 1830 cumJesu
1295 1736 1363 1805 in
1420 1739 1610 1808 hot-ro
1655 1731 2086 1808 Getbsemane
2141 1729 2390 1812 fuiffet,
2438 1750 2572 1801 cum

551 1876 717 1948 nihil
766 1872 1047 1957 vidisset,
1114 1877 1279 1949 nihil
1336 1873 1665 1975 scripfiss'e3
1723 1884 1966 1950 Lucam
2023 1901 2290 1959 contra,
2363 1874 2432 1945 in
2481 1893 2573 1939 an·

551 2018 683 2109 geli
730 2022 1125 2115 apparitione
1178 2020 1321 2090 licet
1366 2012 1532 2092 hand
1584 2015 1879 2118 praesens
1932 2012 2177 2096 fuiss'et,
2236 2037 2459 2111 ‘neque
2504 2007 2573 2079 ab

554 2157 914 2257 Apostolis,
993 2160 1298 2232 omnibus
1356 2188 1438 2233 eo
1513 2185 1806 2260 tempore
1871 2158 2371 2238 dormientibuS,
2442 2171 2571 2247 eam

550 2297 844 2421 potuisset
893 2294 1086 2380 scire,
1139 2325 1441 2398 tanquam
1507 2325 1647 2372 rem
1702 2325 1942 2374 certam
1995 2297 2293 2382 narrass‘e
2404 2293 2573 2390 Qi-

551 2439 670 2513 bus
719 2440 1044 2523 omnibuS,
1093 2465 1310 2513 contra
1360 2443 1768 2515 veracitatem
1825 2449 2037 2515 Lucae
2087 2441 2356 2522 directis,
2410 2454 2572 2527 egre-

552 2583 662 2676 gie
711 2572 1038 2681 respondit
1089 2582 1521 2664 Theodorus,
1577 2585 1829 2654 media
1858 2608 2284 2664 enumerans,
2361 2577 2572 2679 quibus

552 2728 758 2795 Lucas
818 2723 896 2796 de
959 2725 1076 2797 hac
1139 2727 1378 2823 angeii*
1431 2727 1827 2824 apparitione
1906 2729 2140 2797 certior
2213 2723 2398 2799 reddi
2461 2743 2573 2833 P⁰.‘

495 2930 500 2934 .
543 2887 774 2943 tuerat.
883 2868 1195 2966 Accipere
1243 2868 1403 2938 vero
1455 2862 1727 2965 potuiss‘e'
1771 2867 1954 2938 illum
2008 2873 2233 2940 omnia
2285 2865 2361 2938 ab
2412 2869 2571 2959 Apo·

531 3004 755 3088 stolis,
808 3010 996 3079 Petro
1052 3031 1236 3105 atque
1286 3008 1669 3083 Zebedaeis:
1733 3034 1867 3081 non
1920 3010 2095 3079 enim
2154 3008 2396 3081 dietum
2445 2996 2570 3079 effe,

553 3171 665 3221 eos
716 3171 913 3221 totam
963 3172 1083 3247 per
1133 3151 1493 3225 orationem
1547 3149 1786 3224 Christi
1841 3146 2071 3223 somno
2117 3176 2335 3249 captos
2382 3138 2568 3219 fuiss'e,

553 3286 660 3361 sed
712 3313 966 3362 naturae
1016 3290 1271 3363 tandem
1324 3284 1553 3363 ceffiss‘e
1602 3294 1857 3386 longius
1921 3292 2144 3363 eadem
2226 3312 2523 3393 protracta
2548 3311 2566 3373 3

555 3473 843 3546 eosque,
934 3447 1099 3519 dum
1170 3452 1415 3542 vigiles
1473 3447 1721 3541 essent,
1795 3476 1949 3524 curn
2012 3451 2334 3545 exiguum
2392 3439 2564 3537 (ὤσει

559 3599 765 3679 λιθου
830 3597 1094 3697 βολην.
1182 3589 1375 3677 Lu'c.‘
1426 3612 1663 3696 XXII,
1725 3594 1862 3697 41)
1971 3606 2315 3680 Christum
2403 3609 2566 3679 inter

555 3764 617 3815 et
666 3765 777 3814 eos
828 3744 1234 3841 interjectum
1284 3742 1496 3818 fuisset
1545 3741 1837 3846 spatium,
1893 3751 2114 3822 omnia
2165 3769 2230 3823 et
2282 3746 2489 3821 audire
2512 3758 2565 3810 et

553 3883 778 3958 videre
829 3883 1116 3985 potuiffe.
1223 3891 1337 3960 Sin
1388 3911 1544 3961 vero
1590 3887 1758 3960 nihil
1810 3892 2084 3962 omnino
2132 3915 2287 3992 prae
2326 3883 2563 3960 sommo

1236 4018 1242 4027 ⁴
2389 4010 2562 4103 vidit-
