2809 4759
248 749 523 828 scribere
575 756 859 854 coeperit
882 803 899 836 ,
967 749 1071 825 sed
1124 753 1358 828 relictis
1420 775 1679 852 quoque
1753 752 2122 852 rejectisque
2187 756 2284 834 iis,

248 919 413 994 quae
478 921 514 967 a
577 891 761 969 sensu
828 897 1081 971 litterali
1165 895 1539 970 recederent
1564 947 1584 979 ‚
1664 898 2284 997 interpretationibus

248 1037 669 1111 alexandrinis
705 1060 802 1110 -et
869 1038 1299 1130 origenianis,
1376 1038 1713 1114 litteralem
1781 1040 1968 1113 illum
2033 1063 2283 1115 tantum

246 1182 577 1278 amplexus
644 1178 719 1252 {it
745 1232 768 1262 ,
857 1203 921 1252 et
1005 1182 1279 1278 proprio
1366 1203 1588 1251 contra
1652 1182 2019 1274 Origenem
2082 1207 2285 1282 opere

247 1324 777 1422 propugnaverit.
911 1324 1163 1395 Verum
1227 1344 1363 1393 non
1416 1317 1601 1392 sacris
1650 1317 1857 1393 solum
1909 1322 2132 1396 litteris
2182 1325 2287 1395 in·-

248 1462 672 1562 terpretandis
696 1487 962 1566 operam
993 1460 1275 1544 navavit,
1327 1456 1432 1533 sed
1457 1463 1674 1545 etiam,
1698 1462 2029 1538 universae
2050 1490 2285 1540 eorum
2374 1508 2379 1515 ’

245 1629 621 1706 temporum
652 1604 1052 1696 theologicae
1103 1598 1467 1702 disciplinae
1513 1600 1941 1702 peritiffimus,
1988 1610 2285 1681 innume·

246 1773 358 1820 ros
446 1742 739 1819 adversus
820 1747 1024 1817 varias
1065 1792 1084 1825 ,
1169 1766 1333 1842 quae
1405 1747 1652 1843 [nimis
1727 1747 1827 1821 rei
1904 1748 2284 1826 christianae

246 1889 508 1965 saeculis
556 1884 877 1961 ecclesiam
931 1881 1264 1971 divisere,⁴
1302 1883 1491 1960 sectas
1535 1887 1736 1960 libros
1782 1887 1999 1969 edidit,
2106 1897 2288 1966 Inter

246 2037 366 2107 alia
438 2030 948 2103 incarnationem
1003 2029 1275 2099 Domini
1330 2053 1552 2123 contra
1621 2031 1858 2103 Arium
1924 2054 1986 2104 et
2061 2036 2290 2107 Euno-

248 2177 466 2248 mium
518 2170 899 2258 vindicavit-3
959 2167 1296 2273 Feriarum
1348 2171 1694 2262 Magiam„
1738 2191 1897 2268 quae
1946 2198 2287 2251 unacum

248 2319 510 2414 reliquis
592 2313 1017 2408 theurgorum
1108 2310 1540 2383 deliramentis
1571 2310 1774 2385 nimand
1837 2338 2075 2413 paucos
2124 2318 2289 2392 inter

247 2458 646 2535 Christianos
706 2478 769 2528 et
820 2452 1108 2526 Gentiles
1158 2452 1432 2527 habebat
1481 2450 1757 2538 affeclas,
1810 2449 2142 2537 refutavit,
2183 2459 2290 2535 de.-

251 2599 762 2693 monstravitque
825 2617 1064 2693 quanto
1128 2594 1549 2694 praestantior
1618 2597 1743 2668 illis
1806 2594 1878 2669 fit
1954 2597 2290 2675 christiana

250 2749 470 2848 pietas,
577 2714 935 2831 Religionis
985 2760 1189 2835 porro
1242 2735 1544 2832 dogmata
1592 2738 1664 2809 in
1714 2735 1938 2810 eadem
1964 2790 1987 2818 ,
2039 2766 2116 2813 ex
2166 2768 2293 2840 qua

250 2885 389 2987 ipse
441 2870 742 2975 ‘egressus
823 2901 991 2959 erat,
1062 2873 1282 2949 schola
1349 2878 1753 2951 Antiochena
1824 2904 1951 2989 ore
2017 2884 2295 2970 tradem,

253 3027 530 3108 meruit,
595 3026 707 3120 qui
760 3024 1126 3095 communis
1184 3021 1374 3092 totius
1427 3020 1689 3094 orientis
1739 3019 2055 3096 diceretur
2103 3051 2294 3129 prae-

254 3191 511 3270 ceptor:
588 3163 810 3238 habuit
855 3164 1032 3233 enim
1086 3157 1463 3261 discipulos,
1537 3166 1646 3261 qui
1700 3165 1767 3235 in
1816 3164 2049 3262 primis
2099 3167 2293 3241 eccle-

249 3312 396 3388 ·fiae,
430 3305 753 3382 orientalis
802 3302 1215 3397 dignitatibus
1265 3278 1484 3404 postea
1535 3301 1895 3386 constituti,
1945 3284 2180 3404 pietate
2230 3329 2297 3386 et

256 3456 547 3533 doctrina
598 3470 796 3545 aeque
848 3448 1153 3520 claruere.
1259 3452 1439 3545 Inter
1490 3470 1652 3544 quos
1712 3444 2126 3532 Nestorium,
2183 3454 2298 3545 Jo-

255 3620 493 3672 annem
550 3593 1067 3669 Antiochenam,
1138 3610 1201 3663 et
1253 3586 1783 3670 Theodoretum,
1845 3590 2006 3686 Cyri
2057 3587 2299 3703 episco-

256 3765 446 3843 pum,
498 3728 851 3809 nominaffe
885 3725 971 3802 sat
992 3733 1128 3803 erit.
1234 3734 1387 3826 Qo
1419 3723 1661 3799 factum
1708 3725 1817 3810 est,
1870 3753 1937 3800 ut
1963 3725 2300 3803 seceffione

256 3875 706 3954 ecclesiarum,
775 3896 935 3972 quae
983 3871 1293 3943 Nestorio
1344 3863 1670 3951 faverent,
1742 3891 1802 3940 et
1874 3896 1921 3939 a
1972 3873 2296 3947 violentiis

257 4004 852 4102 Alexandrinorum
904 4015 1285 4091 antistitum,
1363 4011 1443 4083 ad
1505 4006 1872 4112 supremam
1923 4014 1993 4085 in
2046 4011 2299 4121 ecclesia

1263 4157 1330 4237 E
1378 4174 1416 4250 5
1866 4246 1873 4251 .
2082 4144 2293 4234 aucto*-
