<?xml version="1.0" encoding="UTF-8"?>
<!DOCTYPE html PUBLIC "-//W3C//DTD XHTML 1.0 Transitional//EN"
    "http://www.w3.org/TR/xhtml1/DTD/xhtml1-transitional.dtd">
<html xmlns="http://www.w3.org/1999/xhtml" xml:lang="en" lang="en">
 <head>
  <title>
</title>
<meta http-equiv="Content-Type" content="text/html;charset=utf-8" />
  <meta name='ocr-system' content='tesseract 3.04.00' />
  <meta name='ocr-capabilities' content='ocr_page ocr_carea ocr_par ocr_line ocrx_word'/>
</head>
<body>
  <div class='ocr_page' id='page_1' title='image "./fragmentapatrum00mngoog_0012.png"; bbox 0 0 2809 4759; ppageno 0'>
   <div class='ocr_carea' id='block_1_1' title="bbox 488 342 553 456">
    <p class='ocr_par' dir='ltr' id='par_1_1' title="bbox 488 342 553 456">
     <span class='ocr_line' id='line_1_1' title="bbox 488 342 553 456; baseline 0 -17"><span class='ocrx_word' id='word_1_1' title='bbox 488 342 553 456; x_wconf 73' lang='grc'><strong>4</strong></span> 
     </span>
    </p>
   </div>
   <div class='ocr_carea' id='block_1_2' title="bbox 410 582 2646 3626">
    <p class='ocr_par' dir='ltr' id='par_1_2' title="bbox 410 582 2646 3626">
     <span class='ocr_line' id='line_1_2' title="bbox 494 582 2531 698; baseline -0 -17"><span class='ocrx_word' id='word_1_2' title='bbox 494 597 646 698; x_wconf 75' lang='lat' dir='ltr'><strong>rit3</strong></span> <span class='ocrx_word' id='word_1_3' title='bbox 743 590 863 698; x_wconf 85' lang='lat' dir='ltr'><strong>id,</strong></span> <span class='ocrx_word' id='word_1_4' title='bbox 944 616 1135 679; x_wconf 88' lang='lat' dir='ltr'><strong>cum</strong></span> <span class='ocrx_word' id='word_1_5' title='bbox 1201 615 1373 675; x_wconf 84' lang='lat' dir='ltr'><strong>non</strong></span> <span class='ocrx_word' id='word_1_6' title='bbox 1455 612 1744 678; x_wconf 87' lang='lat' dir='ltr'><strong>omnes</strong></span> <span class='ocrx_word' id='word_1_7' title='bbox 1806 590 2076 680; x_wconf 78' lang='lat' dir='ltr'><strong>ubivis</strong></span> <span class='ocrx_word' id='word_1_8' title='bbox 2141 582 2531 680; x_wconf 77' lang='lat' dir='ltr'><strong>omnibus</strong></span> 
     </span>
     <span class='ocr_line' id='line_1_3' title="bbox 492 782 2530 893; baseline -0.001 -16"><span class='ocrx_word' id='word_1_9' title='bbox 492 788 857 877; x_wconf 86' lang='lat' dir='ltr'><strong>numeris</strong></span> <span class='ocrx_word' id='word_1_10' title='bbox 934 783 1331 872; x_wconf 82' lang='lat' dir='ltr'>absolutae</span> <span class='ocrx_word' id='word_1_11' title='bbox 1413 783 1561 870; x_wconf 82' lang='lat' dir='ltr'><strong>sint</strong></span> <span class='ocrx_word' id='word_1_12' title='bbox 1636 782 2171 873; x_wconf 80' lang='lat' dir='ltr'>bibliothecae</span> <span class='ocrx_word' id='word_1_13' title='bbox 2202 849 2228 893; x_wconf 87' lang='lat'>‚</span> <span class='ocrx_word' id='word_1_14' title='bbox 2336 812 2530 874; x_wconf 90' lang='lat' dir='ltr'><strong>cum</strong></span> 
     </span>
     <span class='ocr_line' id='line_1_4' title="bbox 495 975 2536 1096; baseline -0.001 -27"><span class='ocrx_word' id='word_1_15' title='bbox 495 1003 909 1096; x_wconf 84' lang='lat' dir='ltr'><strong>praeterea</strong></span> <span class='ocrx_word' id='word_1_16' title='bbox 970 982 1151 1067; x_wconf 87' lang='lat' dir='ltr'><strong>viro</strong></span> <span class='ocrx_word' id='word_1_17' title='bbox 1214 975 1495 1087; x_wconf 86' lang='lat' dir='ltr'><strong>juveni</strong></span> <span class='ocrx_word' id='word_1_18' title='bbox 1556 1006 1729 1067; x_wconf 90' lang='lat' dir='ltr'><strong>non</strong></span> <span class='ocrx_word' id='word_1_19' title='bbox 1786 1007 2074 1067; x_wconf 87' lang='lat' dir='ltr'><strong>omnes</strong></span> <span class='ocrx_word' id='word_1_20' title='bbox 2116 978 2536 1069; x_wconf 65' lang='lat' dir='ltr'><strong>litterariae</strong></span> 
     </span>
     <span class='ocr_line' id='line_1_5' title="bbox 500 1142 2529 1290; baseline -0.002 -25"><span class='ocrx_word' id='word_1_21' title='bbox 500 1201 697 1290; x_wconf 82' lang='lat' dir='ltr'><strong>opes</strong></span> <span class='ocrx_word' id='word_1_22' title='bbox 760 1173 979 1262; x_wconf 73' lang='lat' dir='ltr'><strong>noss’e</strong></span> <span class='ocrx_word' id='word_1_23' title='bbox 1041 1171 1257 1261; x_wconf 86' lang='lat' dir='ltr'><strong>haud</strong></span> <span class='ocrx_word' id='word_1_24' title='bbox 1315 1171 1404 1258; x_wconf 86' lang='lat' dir='ltr'><strong>fit</strong></span> <span class='ocrx_word' id='word_1_25' title='bbox 1470 1170 1849 1261; x_wconf 89' lang='lat' dir='ltr'><strong>dedecori</strong></span> <span class='ocrx_word' id='word_1_26' title='bbox 1872 1142 1901 1283; x_wconf 51' lang='lat'><strong>‚¹</strong></span> <span class='ocrx_word' id='word_1_27' title='bbox 1958 1202 2097 1261; x_wconf 89' lang='lat' dir='ltr'><strong>me</strong></span> <span class='ocrx_word' id='word_1_28' title='bbox 2151 1177 2529 1287; x_wconf 86' lang='lat' dir='ltr'><strong>ignorare</strong></span> 
     </span>
     <span class='ocr_line' id='line_1_6' title="bbox 496 1333 2646 1463; baseline -0 -6"><span class='ocrx_word' id='word_1_29' title='bbox 496 1368 785 1463; x_wconf 83' lang='lat' dir='ltr'><strong>lubens</strong></span> <span class='ocrx_word' id='word_1_30' title='bbox 844 1366 1128 1457; x_wconf 81' lang='lat' dir='ltr'><strong>fateor.</strong></span> <span class='ocrx_word' id='word_1_31' title='bbox 1288 1365 1558 1454; x_wconf 85' lang='lat' dir='ltr'><strong>Viros·</strong></span> <span class='ocrx_word' id='word_1_32' title='bbox 1605 1388 1881 1453; x_wconf 87' lang='lat' dir='ltr'><strong>tamen</strong></span> <span class='ocrx_word' id='word_1_33' title='bbox 1945 1371 2031 1453; x_wconf 91' lang='lat' dir='ltr'><strong>in</strong></span> <span class='ocrx_word' id='word_1_34' title='bbox 2093 1333 2245 1456; x_wconf 84' lang='lat' dir='ltr'><strong>hac</strong></span> <span class='ocrx_word' id='word_1_35' title='bbox 2303 1368 2537 1456; x_wconf 89' lang='lat' dir='ltr'><strong>studii</strong></span> <span class='ocrx_word' id='word_1_36' title='bbox 2639 1335 2646 1340; x_wconf 33' lang='grc'><em>’</em></span> 
     </span>
     <span class='ocr_line' id='line_1_7' title="bbox 501 1558 2536 1694; baseline -0.001 -44"><span class='ocrx_word' id='word_1_37' title='bbox 501 1562 935 1675; x_wconf 78' lang='lat' dir='ltr'><strong>theologici</strong></span> <span class='ocrx_word' id='word_1_38' title='bbox 1022 1558 1427 1694; x_wconf 75' lang='lat' dir='ltr'><strong>disciplina</strong></span> <span class='ocrx_word' id='word_1_39' title='bbox 1498 1558 1889 1669; x_wconf 66' lang='lat' dir='ltr'><strong>versatos,</strong></span> <span class='ocrx_word' id='word_1_40' title='bbox 1992 1562 2048 1649; x_wconf 86' lang='lat' dir='ltr'><strong>fi</strong></span> <span class='ocrx_word' id='word_1_41' title='bbox 2127 1559 2536 1675; x_wconf 88' lang='lat' dir='ltr'><strong>ejusmodi</strong></span> 
     </span>
     <span class='ocr_line' id='line_1_8' title="bbox 499 1719 2536 1886; baseline -0.001 -42"><span class='ocrx_word' id='word_1_42' title='bbox 499 1754 919 1886; x_wconf 75' lang='lat' dir='ltr'>quoddam</span> <span class='ocrx_word' id='word_1_43' title='bbox 970 1719 1462 1870; x_wconf 85' lang='lat' dir='ltr'><strong>opusculum</strong></span> <span class='ocrx_word' id='word_1_44' title='bbox 1526 1783 1665 1842; x_wconf 91' lang='lat' dir='ltr'><strong>me</strong></span> <span class='ocrx_word' id='word_1_45' title='bbox 1727 1754 2163 1869; x_wconf 75' lang='lat' dir='ltr'><strong>neglexisse</strong></span> <span class='ocrx_word' id='word_1_46' title='bbox 2204 1763 2536 1869; x_wconf 56' lang='lat' dir='ltr'><strong>compess</strong></span> 
     </span>
     <span class='ocr_line' id='line_1_9' title="bbox 498 1947 2542 2064; baseline -0.002 -24"><span class='ocrx_word' id='word_1_47' title='bbox 498 1957 757 2057; x_wconf 81' lang='lat' dir='ltr'><strong>riam,</strong></span> <span class='ocrx_word' id='word_1_48' title='bbox 852 1950 942 2038; x_wconf 91' lang='lat' dir='ltr'><strong>id</strong></span> <span class='ocrx_word' id='word_1_49' title='bbox 1021 1954 1109 2037; x_wconf 87' lang='lat' dir='ltr'><strong>in</strong></span> <span class='ocrx_word' id='word_1_50' title='bbox 1201 1949 1546 2064; x_wconf 83' lang='lat' dir='ltr'><strong>publicis</strong></span> <span class='ocrx_word' id='word_1_51' title='bbox 1616 1950 1737 2056; x_wconf 76' lang='lat' dir='ltr'><strong>[de</strong></span> <span class='ocrx_word' id='word_1_52' title='bbox 1816 1947 2063 2056; x_wconf 76' lang='lat' dir='ltr'><strong>rebus</strong></span> <span class='ocrx_word' id='word_1_53' title='bbox 2139 1948 2542 2062; x_wconf 74' lang='lat' dir='ltr'><strong>litterariis</strong></span> 
     </span>
     <span class='ocr_line' id='line_1_10' title="bbox 501 2140 2423 2262; baseline 0.001 -32"><span class='ocrx_word' id='word_1_54' title='bbox 501 2142 1114 2233; x_wconf 85' lang='lat' dir='ltr'><strong>commentariis</strong></span> <span class='ocrx_word' id='word_1_55' title='bbox 1173 2140 1638 2232; x_wconf 78' lang='lat' dir='ltr'><strong>humaniter</strong></span> <span class='ocrx_word' id='word_1_56' title='bbox 1699 2143 2100 2251; x_wconf 86' lang='lat' dir='ltr'><strong>indicent,</strong></span> <span class='ocrx_word' id='word_1_57' title='bbox 2176 2171 2423 2262; x_wconf 74' lang='lat' dir='ltr'><strong>rog0.;</strong></span> 
     </span>
     <span class='ocr_line' id='line_1_11' title="bbox 764 2331 2545 2450; baseline 0.004 -30"><span class='ocrx_word' id='word_1_58' title='bbox 764 2335 960 2424; x_wconf 90' lang='lat' dir='ltr'><strong>Duo</strong></span> <span class='ocrx_word' id='word_1_59' title='bbox 995 2339 1354 2423; x_wconf 85' lang='lat' dir='ltr'><strong>maxime</strong></span> <span class='ocrx_word' id='word_1_60' title='bbox 1411 2354 1686 2421; x_wconf 81' lang='lat' dir='ltr'><strong>extant</strong></span> <span class='ocrx_word' id='word_1_61' title='bbox 1728 2331 2021 2441; x_wconf 77' lang='lat' dir='ltr'><strong>fontes,</strong></span> <span class='ocrx_word' id='word_1_62' title='bbox 2085 2361 2190 2420; x_wconf 83' lang='lat' dir='ltr'><strong>ex</strong></span> <span class='ocrx_word' id='word_1_63' title='bbox 2240 2339 2545 2450; x_wconf 79' lang='lat' dir='ltr'><strong>quibus</strong></span> 
     </span>
     <span class='ocr_line' id='line_1_12' title="bbox 484 2528 2558 2644; baseline 0.002 -25"><span class='ocrx_word' id='word_1_64' title='bbox 484 2528 608 2619; x_wconf 66' lang='lat' dir='ltr'><strong>&#39;ad</strong></span> <span class='ocrx_word' id='word_1_65' title='bbox 671 2528 918 2644; x_wconf 48' lang='lat' dir='ltr'><strong>hunc,</strong></span> <span class='ocrx_word' id='word_1_66' title='bbox 956 2558 1214 2644; x_wconf 88' lang='lat' dir='ltr'><strong>usque</strong></span> <span class='ocrx_word' id='word_1_67' title='bbox 1250 2530 1491 2618; x_wconf 77' lang='lat' dir='ltr'><strong>diem</strong></span> <span class='ocrx_word' id='word_1_68' title='bbox 1542 2529 1924 2642; x_wconf 84' lang='lat' dir='ltr'><strong>reliquiae</strong></span> <span class='ocrx_word' id='word_1_69' title='bbox 1969 2531 2304 2619; x_wconf 86' lang='lat' dir='ltr'><strong>Patrum</strong></span> <span class='ocrx_word' id='word_1_70' title='bbox 2353 2533 2558 2624; x_wconf 72' lang='lat' dir='ltr'><strong>hau«-</strong></span> 
     </span>
     <span class='ocr_line' id='line_1_13' title="bbox 502 2679 2543 2852; baseline 0.002 -39"><span class='ocrx_word' id='word_1_71' title='bbox 502 2728 656 2813; x_wconf 85' lang='lat' dir='ltr'><strong>stae</strong></span> <span class='ocrx_word' id='word_1_72' title='bbox 716 2721 941 2818; x_wconf 74' lang='lat' dir='ltr'><strong>sunt3</strong></span> <span class='ocrx_word' id='word_1_73' title='bbox 1008 2754 1371 2840; x_wconf 88' lang='lat' dir='ltr'><strong>quorum</strong></span> <span class='ocrx_word' id='word_1_74' title='bbox 1444 2679 1827 2832; x_wconf 75' lang='lat' dir='ltr'><strong>alterum,</strong></span> <span class='ocrx_word' id='word_1_75' title='bbox 1890 2726 2242 2815; x_wconf 83' lang='lat' dir='ltr'><strong>aliorum</strong></span> <span class='ocrx_word' id='word_1_76' title='bbox 2306 2734 2543 2852; x_wconf 85' lang='lat' dir='ltr'><strong>nimi-</strong></span> 
     </span>
     <span class='ocr_line' id='line_1_14' title="bbox 504 2904 2543 3033; baseline 0.002 -24"><span class='ocrx_word' id='word_1_77' title='bbox 504 2911 697 3010; x_wconf 86' lang='lat' dir='ltr'><strong>rum</strong></span> <span class='ocrx_word' id='word_1_78' title='bbox 759 2904 1093 3021; x_wconf 80' lang='lat' dir='ltr'><strong>Patrum</strong></span> <span class='ocrx_word' id='word_1_79' title='bbox 1158 2927 1448 3033; x_wconf 70' lang='lat' dir='ltr'><strong>opera,</strong></span> <span class='ocrx_word' id='word_1_80' title='bbox 1528 2920 1801 3010; x_wconf 90' lang='lat' dir='ltr'><strong>sedulo</strong></span> <span class='ocrx_word' id='word_1_81' title='bbox 1878 2920 2250 3011; x_wconf 83' lang='lat' dir='ltr'><strong>adierunt</strong></span> <span class='ocrx_word' id='word_1_82' title='bbox 2310 2925 2543 3013; x_wconf 82' lang='lat' dir='ltr'><strong>colle-</strong></span> 
     </span>
     <span class='ocr_line' id='line_1_15' title="bbox 509 3110 2542 3224; baseline 0.003 -21"><span class='ocrx_word' id='word_1_83' title='bbox 509 3137 771 3202; x_wconf 86' lang='lat' dir='ltr'><strong>ctores</strong></span> <span class='ocrx_word' id='word_1_84' title='bbox 846 3110 1426 3200; x_wconf 73' lang='lat' dir='ltr'><strong>analectorum.</strong></span> <span class='ocrx_word' id='word_1_85' title='bbox 1588 3114 1923 3200; x_wconf 85' lang='lat' dir='ltr'><strong>Etenim</strong></span> <span class='ocrx_word' id='word_1_86' title='bbox 1959 3179 1984 3224; x_wconf 83' lang='grc'>,</span> <span class='ocrx_word' id='word_1_87' title='bbox 2043 3138 2138 3201; x_wconf 89' lang='lat' dir='ltr'><strong>ut</strong></span> <span class='ocrx_word' id='word_1_88' title='bbox 2200 3144 2303 3204; x_wconf 89' lang='lat' dir='ltr'><strong>ex</strong></span> <span class='ocrx_word' id='word_1_89' title='bbox 2367 3122 2542 3210; x_wconf 78' lang='lat' dir='ltr'><strong>Sto·</strong></span> 
     </span>
     <span class='ocr_line' id='line_1_16' title="bbox 410 3305 2549 3430; baseline 0.003 -34"><span class='ocrx_word' id='word_1_90' title='bbox 410 3315 419 3326; x_wconf 81' lang='lat'><strong><em>‘</em></strong></span> <span class='ocrx_word' id='word_1_91' title='bbox 506 3307 711 3396; x_wconf 89' lang='lat' dir='ltr'><strong>baeo</strong></span> <span class='ocrx_word' id='word_1_92' title='bbox 745 3370 768 3414; x_wconf 90' lang='lat'>‚</span> <span class='ocrx_word' id='word_1_93' title='bbox 870 3305 1292 3396; x_wconf 79' lang='lat' dir='ltr'><strong>Athenaeo</strong></span> <span class='ocrx_word' id='word_1_94' title='bbox 1325 3369 1348 3413; x_wconf 84' lang='lat'>,</span> <span class='ocrx_word' id='word_1_95' title='bbox 1446 3305 1890 3393; x_wconf 88' lang='lat' dir='ltr'><strong>Scholiastis</strong></span> <span class='ocrx_word' id='word_1_96' title='bbox 1926 3373 1950 3416; x_wconf 87' lang='lat'>,</span> <span class='ocrx_word' id='word_1_97' title='bbox 2055 3317 2549 3430; x_wconf 84' lang='lat' dir='ltr'><strong>caeterisque</strong></span> 
     </span>
     <span class='ocr_line' id='line_1_17' title="bbox 507 3500 2550 3626; baseline 0.005 -36"><span class='ocrx_word' id='word_1_98' title='bbox 507 3500 1028 3626; x_wconf 83' lang='lat' dir='ltr'><strong>scriptoribus</strong></span> <span class='ocrx_word' id='word_1_99' title='bbox 1092 3503 1429 3612; x_wconf 73' lang='lat' dir='ltr'><strong>graeci3‚</strong></span> <span class='ocrx_word' id='word_1_100' title='bbox 1496 3528 1667 3591; x_wconf 89' lang='lat' dir='ltr'><strong>non</strong></span> <span class='ocrx_word' id='word_1_101' title='bbox 1751 3501 2013 3592; x_wconf 88' lang='lat' dir='ltr'><strong>solum</strong></span> <span class='ocrx_word' id='word_1_102' title='bbox 2096 3506 2550 3620; x_wconf 86' lang='lat' dir='ltr'><strong>lyricorum</strong></span> 
     </span>
    </p>
   </div>
   <div class='ocr_carea' id='block_1_3' title="bbox 512 3698 2548 3812">
    <p class='ocr_par' dir='ltr' id='par_1_3' title="bbox 512 3698 2548 3812">
     <span class='ocr_line' id='line_1_18' title="bbox 512 3698 2548 3812; baseline 0.006 -27"><span class='ocrx_word' id='word_1_103' title='bbox 512 3702 1101 3812; x_wconf 86' lang='lat' dir='ltr'><strong>epicorumque</strong></span> <span class='ocrx_word' id='word_1_104' title='bbox 1132 3760 1155 3805; x_wconf 89' lang='lat'>‚</span> <span class='ocrx_word' id='word_1_105' title='bbox 1198 3721 1204 3730; x_wconf 86' lang='grc'><strong><em>·</em></strong></span> <span class='ocrx_word' id='word_1_106' title='bbox 1253 3722 1549 3787; x_wconf 89' lang='lat' dir='ltr'><strong>verum</strong></span> <span class='ocrx_word' id='word_1_107' title='bbox 1639 3701 1882 3787; x_wconf 86' lang='lat' dir='ltr'><strong>etiam</strong></span> <span class='ocrx_word' id='word_1_108' title='bbox 1983 3698 2548 3800; x_wconf 87' lang='lat' dir='ltr'><strong>historicorum</strong></span> 
     </span>
    </p>
   </div>
   <div class='ocr_carea' id='block_1_4' title="bbox 2472 3925 2553 3989">
    <p class='ocr_par' dir='ltr' id='par_1_4' title="bbox 2472 3925 2553 3989">
     <span class='ocr_line' id='line_1_19' title="bbox 2472 3925 2553 3989; baseline 0.012 -1"><span class='ocrx_word' id='word_1_109' title='bbox 2472 3925 2553 3989; x_wconf 77' lang='lat' dir='ltr'><strong>et</strong></span> 
     </span>
    </p>
   </div>
   <div class='ocr_carea' id='block_1_5' title="bbox 2795 1362 2809 2490">
    <p class='ocr_par' dir='ltr' id='par_1_5' title="bbox 2795 1362 2809 2490">
     <span class='ocr_line' id='line_1_20' title="bbox 2795 1362 2809 2490; baseline 0 0"><span class='ocrx_word' id='word_1_110' title='bbox 2795 1362 2809 2490; x_wconf 95' lang='lat' dir='ltr'><strong> </strong></span> 
     </span>
    </p>
   </div>
  </div>
 </body>
</html>
