2809 4759
554 402 672 496 14

548 625 969 712 doctissimis,
1029 621 1292 702 Valefio
1349 645 1416 699 et
1474 621 1752 698 Grabio.
1899 626 2101 699 Mihi
2163 645 2391 699 tamen
2441 624 2578 701 hoe

545 785 825 862 Eusebii
864 784 947 857 de
988 786 1192 883 Papia
1229 778 1506 857 effatum
1557 806 1713 853 cum
1764 782 1970 855 altero
2027 782 2332 880 ejusdem
2357 833 2376 868 ‚
2437 809 2577 882 quo

545 930 820 1050 σφοδροῦ
877 965 1179 1047 σμικξος
1234 906 1327 1015 ὠν
1383 962 1508 1016 τον
1561 962 1717 1015 vome
1770 937 2055 1023 dicitur,
2118 964 2262 1013 non
2315 935 2576 1012 obstan-

548 1065 728 1174 tibus
784 1103 916 1189 iis,
960 1116 1142 1195 'quae
1199 1093 1495 1167 Grabius
1551 1093 1820 1194 (spicil.
1854 1099 1949 1167 II.
1989 1120 2060 1195 p.
2099 1099 2217 1172 28.
2261 1087 2410 1184 29.)
2456 1093 2573 1167 do·

546 1277 671 1338 cet,
715 1252 1284 1327 conciliarinullo
1316 1250 1528 1325 modo
1560 1249 1768 1352 posse,
1806 1251 2105 1328 videtur·
2159 1252 2356 1323 Licet
2387 1253 2579 1323 enim

545 1436 630 1485 ex
665 1408 1030 1509 prioribus,
1097 1432 1267 1508 quae
1319 1407 1616 1481 Eusebio
1675 1406 2068 1481 tribuuntur
2099 1403 2351 1492 verbi5‚
2414 1431 2577 1479 con-

543 1567 759 1651 cedaS,
819 1563 1217 1657 facundum,
1268 1590 1635 1662 reru-mque
1668 1561 2243 1639 ecclesiasticarum
2273 1566 2573 1663 peritum

545 1747 705 1798 eum
754 1718 953 1797 fuiss‘e
1011 1719 1158 1821 (qui
1208 1718 1439 1795 sensus
1487 1722 1642 1794 heic
1696 1719 1790 1794 est
1826 1710 2014 1793 voeis
2056 1687 2575 1823 λογιωτατοξ)ῥ

538 1873 913 1979 posteriora
961 1887 1188 1949 tamen
1210 1928 1236 1968 ‚
1310 1874 1558 1975 quibua
1613 1863 2097 1976 scripturarum
2144 1880 2402 1976 peritus
2480 1874 2576 1947 di-

535 2005 736 2115 citur,
796 2058 955 2103 cum
1006 2025 1361 2106 manifesta
1384 2029 1670 2105 'Eusebii
1710 2034 2195 2107 enunciatione
2241 2054 2575 2134 pugnant,

536 2212 701 2264 eum
750 2186 1082 2260 mediocri
1140 2183 1510 2259 admodum
1572 2190 1855 2279 ingenio
1913 2189 2298 2287 praeditum
2355 2184 2578 2261 fuisse·

537 2349 767 2433 Quam
809 2338 1211 2417 sententiam
1268 2367 1351 2417 eo
1404 2367 1807 2439 argumento
1861 2341 2135 2443 probat,
2205 2345 2392 2442 quod
2429 2339 2580 2409 male

537 2496 999 2601 apostolorum
1039 2503 1460 2574 narrationes
1509 2493 1925 2571 intellexerit,
1980 2523 2221 2599 eaque,
2279 2527 2451 2602 quae
2485 2532 2582 2578 ar-

534 2655 708 2730 ⁴cano
739 2652 1035 2754 quodam
1075 2651 1272 2734 sensu
1311 2679 1379 2731 et
1417 2657 1713 2755 exempli
1752 2653 1940 2729 causa
1980 2654 2062 2729 ab
2101 2658 2186 2728 iis
2219 2658 2396 2731 dicta
2425 2656 2578 2752 fiat,

536 2823 666 2877 non
697 2803 864 2899 satis
905 2803 1323 2897 perspexerit.
1396 2816 1679 2909 'Neque
1716 2836 1922 2911 pauca
1963 2837 2037 2884 ea
2060 2845 2102 2901 ,·
2126 2839 2296 2913 quae
2333 2820 2578 2918 Papiae

535 2966 926 3047 conservata
959 2964 1185 3050 sunt,'
1210 2965 1664 3064 duriusculam
1700 2966 1974 3040 Eusebii
2014 2966 2425 3045 sententian]
2466 2983 2572 3046 re‘-

528 3122 819 3202 fenum:
874 3123 1026 3221 quis
1085 3124 1274 3194 enim
1332 3103 1585 3195 caecus*
1616 3120 1782 3194 adeo
1840 3120 1975 3213 est,
2031 3127 2153 3222 qui
2190 3152 2338 3201 non
2378 3130 2578 3204 vide·-

530 3284 658 3364 rit‚
706 3279 1134 3390 ‘narrationes
1200 3304 1359 3352 eum
1416 3276 1679 3351 tradere
1733 3280 2054 3363 incertas,
2135 3286 2361 3381 quales
2426 3312 2571 3359 non

531 3431 664 3510 effe
750 3458 896 3506 non
986 3419 1259 3532 poss‘unt
1359 3458 1441 3508 ex
1524 3434 1891 3508 traditione
1984 3437 2154 3512 orali
2201 3433 2206 3440 ”
2246 3441 2570 3518 haustae?

534 3589 803 3678 Quibus
859 3610 1085 3662 tamen
1143 3588 1326 3664 haud
1381 3591 1699 3689 equidem
1763 3599 2199 3685 negaverim,
2261 3602 2333 3671 in
2374 3599 2568 3673 libris

531 3753 874 3851 quinque,
932 3743 1102 3844 quoe
1155 3746 1240 3817 de
1277 3745 1780 3846 praedicatione
1831 3748 2174 3823 dominica
2225 3750 2572 3855 scripserat

531 3908 810 4006 Papias,
869 3927 1028 3975 vera
1066 3901 1498 4002 genuinaque
1561 3907 1894 3979 nonnulla
1936 3911 2287 3982 enunciata
2328 3909 2564 4001 fuisse}

2355 4092 2568 4166 eaque
